<record><leader>00000cas a2200000 a 4500</leader><controlfield tag="001">12356294</controlfield><controlfield tag="008">850807d19081909ksuwr ne      0    0eng d</controlfield><datafield ind1=" " ind2=" " tag="010"><subfield code="a">sn 85031718 </subfield></datafield><datafield ind1=" " ind2=" " tag="040"><subfield code="a">KSH</subfield><subfield code="b">eng</subfield><subfield code="c">KSH</subfield><subfield code="d">NPT</subfield><subfield code="d">OCL</subfield><subfield code="d">OCLCQ</subfield></datafield><datafield ind1=" " ind2=" " tag="042"><subfield code="a">msc</subfield></datafield><datafield ind1="0" ind2="4" tag="245"><subfield code="a">The Eagle-journal consolidated.</subfield></datafield><datafield ind1=" " ind2=" " tag="260"><subfield code="a">St. Marys, Kan. :</subfield><subfield code="b">Eagle-Journal Pub. Co.,</subfield><subfield code="c">1908-1909.</subfield></datafield><datafield ind1=" " ind2=" " tag="300"><subfield code="a">1 v. ;</subfield><subfield code="c">37 cm.</subfield></datafield><datafield ind1=" " ind2=" " tag="310"><subfield code="a">Weekly</subfield></datafield><datafield ind1="0" ind2=" " tag="362"><subfield code="a">Vol. 19, no. 14-792 (Oct. 1, 1908)-v. 19, no. 32-814 (Feb. 18, 1909).</subfield></datafield><datafield ind1=" " ind2=" " tag="752"><subfield code="a">United States</subfield><subfield code="b">Kansas</subfield><subfield code="c">Pottawatomie</subfield><subfield code="d">St. Marys.</subfield></datafield><datafield ind1="0" ind2="4" tag="780"><subfield code="t">St. Mary's eagle (St. Marys, Kan. : 1896)</subfield><subfield code="w">(DLC)sn 85031716</subfield></datafield><datafield ind1="0" ind2="4" tag="780"><subfield code="t">St. Mary's journal</subfield><subfield code="w">(DLC)sn 85031717</subfield></datafield><datafield ind1="0" ind2="0" tag="785"><subfield code="t">St. Marys eagle-journal consolidated</subfield><subfield code="w">(DLC)sn 85031719</subfield></datafield></record>